<record><leader>00000cas a22000007a 4500</leader><controlfield tag="001">24601085</controlfield><controlfield tag="008">911022d1855185uriuwr ne      0    0eng d</controlfield><datafield ind1=" " ind2=" " tag="010"><subfield code="a">sn 91070566 </subfield></datafield><datafield ind1=" " ind2=" " tag="040"><subfield code="a">RHN</subfield><subfield code="b">eng</subfield><subfield code="c">RHN</subfield><subfield code="d">OCL</subfield><subfield code="d">OCLCQ</subfield><subfield code="d">OCLCF</subfield><subfield code="d">OCLCO</subfield></datafield><datafield ind1="1" ind2=" " tag="029"><subfield code="a">AU@</subfield><subfield code="b">000020226808</subfield></datafield><datafield ind1=" " ind2=" " tag="042"><subfield code="a">msc</subfield></datafield><datafield ind1=" " ind2=" " tag="043"><subfield code="a">n-us-ri</subfield></datafield><datafield ind1="0" ind2="0" tag="245"><subfield code="a">Rhode Island weekly tribune and temperance advocate.</subfield></datafield><datafield ind1=" " ind2=" " tag="260"><subfield code="a">Providence [R.I.] :</subfield><subfield code="b">Colby &amp; Amsbury</subfield></datafield><datafield ind1=" " ind2=" " tag="300"><subfield code="a">v.</subfield></datafield><datafield ind1=" " ind2=" " tag="310"><subfield code="a">Weekly</subfield></datafield><datafield ind1="0" ind2=" " tag="362"><subfield code="a">New ser., v. 1, no. 1 (Mar. 3, 1855)-</subfield></datafield><datafield ind1=" " ind2="0" tag="651"><subfield code="a">Providence (R.I.)</subfield><subfield code="v">Newspapers.</subfield></datafield><datafield ind1=" " ind2="7" tag="655"><subfield code="a">Newspapers.</subfield><subfield code="2">fast</subfield><subfield code="0">(OCoLC)fst01423814</subfield></datafield><datafield ind1=" " ind2="7" tag="651"><subfield code="a">Rhode Island</subfield><subfield code="z">Providence.</subfield><subfield code="2">fast</subfield><subfield code="0">(OCoLC)fst01204977</subfield></datafield><datafield ind1=" " ind2=" " tag="752"><subfield code="a">United States</subfield><subfield code="b">Rhode Island</subfield><subfield code="c">Providence</subfield><subfield code="d">Providence.</subfield></datafield><datafield ind1="0" ind2=" " tag="775"><subfield code="t">Providence daily tribune</subfield><subfield code="w">(DLC)sn 83021397</subfield></datafield><datafield ind1="0" ind2="5" tag="780"><subfield code="t">Temperance advocate (Providence, R.I.)</subfield><subfield code="w">(DLC)sn 91070565</subfield></datafield><datafield ind1="0" ind2="0" tag="785"><subfield code="t">Rhode Island weekly tribune</subfield><subfield code="w">(DLC)sn 91070567</subfield></datafield></record>